<collection xmlns="http://www.loc.gov/MARC21/slim">
<record>
  <leader>01551nam0a2200253 i 450 </leader>
  <controlfield tag="001">IT\ICCU\CNCE\031559</controlfield>
  <controlfield tag="005">20071211000000.0</controlfield>
  <datafield tag="012" ind1=" " ind2=" ">
    <subfield code="a">ioit Sisi o-pe isit (C) 1522 (Q)</subfield>
    <subfield code="2">fei</subfield>
  </datafield>
  <datafield tag="100" ind1=" " ind2=" ">
    <subfield code="a">19971204f1522        0itac0103    ba</subfield>
  </datafield>
  <datafield tag="101" ind1=" " ind2=" ">
    <subfield code="a">LAT</subfield>
  </datafield>
  <datafield tag="102" ind1=" " ind2=" ">
    <subfield code="a">IT</subfield>
  </datafield>
  <datafield tag="200" ind1="1" ind2=" ">
    <subfield code="a">Summarium decretorum Sabaudie ordinem iudiciarium concernentium per clarissi. iurisconsultum d. Ioannem Neuizanum ciuem Astensem MCCCCCXXII commorantem Clauarij ob pestem Thaurinensem extractum ab vltima impressione Francisci de Silua prout in numero cartarum hic in margine notato. Subordinatis connexis ad materiam que illinc etiam sumpta fuerunt ex cartis in columna signatis. Additis pluribus nundum impressis: ac retro acto valore ducati</subfield>
  </datafield>
  <datafield tag="210" ind1=" " ind2=" ">
    <subfield code="d">\1522!</subfield>
  </datafield>
  <datafield tag="215" ind1=" " ind2=" ">
    <subfield code="a">\8! c.</subfield>
    <subfield code="c">ill.</subfield>
    <subfield code="d">4ʻ</subfield>
  </datafield>
  <datafield tag="300" ind1=" " ind2=" ">
    <subfield code="a">Stampata presumibilmente a Torino da Giovanni Angelo e Bernardino Silva; per il tipografo e la data cfr.: M. Bersano Begey, Le cinquecentine piemontesi, v. 1, p. 516</subfield>
  </datafield>
  <datafield tag="620" ind1=" " ind2=" ">
    <subfield code="a">IT</subfield>
    <subfield code="d">Torino</subfield>
  </datafield>
  <datafield tag="700" ind1=" " ind2="1">
    <subfield code="a">Nevizzano,</subfield>
    <subfield code="b">Giovanni</subfield>
    <subfield code="3">IT\ICCU\CNCA\009044</subfield>
  </datafield>
  <datafield tag="712" ind1="0" ind2="0">
    <subfield code="a">Silva, Giovanni Angelo &amp; Silva, Bernardino</subfield>
    <subfield code="3">IT\ICCU\CNCT\000984</subfield>
    <subfield code="4">650</subfield>
  </datafield>
  <datafield tag="790" ind1=" " ind2="1">
    <subfield code="a">Nevizanus,</subfield>
    <subfield code="b">Johannes</subfield>
    <subfield code="3">IT\ICCU\CNCA\017687</subfield>
    <subfield code="z">Nevizzano, Giovanni</subfield>
  </datafield>
  <datafield tag="791" ind1="0" ind2="0">
    <subfield code="a">Sylva, Ioanne Angelo &amp; Sylva, Bernardino de</subfield>
    <subfield code="3">IT\ICCU\CNCT\005665</subfield>
    <subfield code="z">Silva, Giovanni Angelo &amp; Silva, Bernardino</subfield>
  </datafield>
  <datafield tag="801" ind1=" " ind2="3">
    <subfield code="a">IT</subfield>
    <subfield code="b">ICCU</subfield>
    <subfield code="c">20201114</subfield>
  </datafield>
  <datafield tag="899" ind1=" " ind2=" ">
    <subfield code="a">Biblioteca Reale. Torino</subfield>
    <subfield code="1">TO0263</subfield>
    <subfield code="2">TO0 07</subfield>
  </datafield>
  <datafield tag="899" ind1=" " ind2=" ">
    <subfield code="a">Biblioteca nazionale universitaria. Torino</subfield>
    <subfield code="1">TO0265</subfield>
    <subfield code="2">TO0 02</subfield>
  </datafield>
  <datafield tag="899" ind1=" " ind2=" ">
    <subfield code="a">Biblioteca dell&apos;Accademia delle scienze. Torino</subfield>
    <subfield code="1">TO0324</subfield>
    <subfield code="2">TO0 17</subfield>
  </datafield>
</record>
</collection>
